@misc{website:apple-watch-battery,
    author = "Apple Inc.",
    title = "{Apple Watch Series 4 Battery Information}",
    institution = "Apple Inc.",
    year = "2018",
    note = "{accessed May 29, 2019 www.apple.com/watch/battery.html}"
}

@article{pdf:deaf-employment,
    author = "Garberoglio, Carrie Lou and Cawthon, Stephanie and Bond, Mark",
    title = "{Deaf People and Employment in the United States: 2016.}",
    journal = "{Washington, DC: U.S. Department of Education, Office of Special Education Programs, National Deaf Center on Postsecondary Outcomes}",
    year = "2016",
    note = "{accessed May 29, 2019 www.nationaldeafcenter.org/sites/default/files/Deaf\%20Employment\%20Report_final.pdf}"
}

@misc{website:bluetooth-vs-wifi,
    author = "Diffen.com",
    title = "{Bluetooth vs. Wi-Fi}",
    institution = "Diffen.com",
    year = "2018",
    note = "{accessed May 31, 2019 https://www.diffen.com/difference/Bluetooth_vs_Wifi}"
}

@article{pdf:802.15.4,
    author = "Alberti, Antônio Marcos and Bontempo, Marília Martins and Dos Santos, José Rodrigo  and Sodré, Arismar Cerqueira, Jr. and Righi, Rodrigo Da Rosa",
    title = "{NovaGenesis Applied to Information-Centric, Service-Defined, Trustable IoT/WSAN Control Plane and Spectrum Management: 2018.}",
    journal = "{Sensors}",
    year = "2018",
    note = "{accessed May 29, 2019 https://doi.org/10.3390/s18093160}"
}

@misc{website:xbee-arduino,
    author = "Jim Blom",
    title = "{XBee Shield Hookup Guide}",
    institution = "sparkfun.com",
    year = "2018",
    note = "{accessed May 31, 2019 https://learn.sparkfun.com/tutorials/xbee-shield-hookup-guide/all}"
}

@misc{website:led-arduino,
    title = "{Fading}",
    institution = "arduino.cc",
    year = "2015",
    note = "{accessed May 31, 2019 https://www.arduino.cc/en/tutorial/fading}"
}

@misc{website:markkula,
    title = "{Ethical Decision Making}",
    institution = "Markkula Center for Applied Ethics",
    year = "2015",
    note = "{accessed May 31, 2019 https://www.scu.edu/ethics/ethics-resources/ethical-decision-making/}"
}